@article{katzandmoore,
    title = {Implementing Automated Data Validation for Canadian Political Datasets},
    author={Lindsay Katz and Callandra Moore},
    year={2023},
    eprint={2309.12886},
    archivePrefix={arXiv},
    primaryClass={stat.ME},
    doi = {10.48550/arXiv.2309.12886},
  }
@misc{rstanarm,
    title = {rstanarm: {Bayesian} applied regression modeling via {Stan}.},
    author = {Ben Goodrich and Jonah Gabry and Imad Ali and Sam Brilleman},
    note = {R package version 2.21.4},
    year = {2023},
    url = {https://mc-stan.org/rstanarm/},
  }